@article{DBLP:journals/corr/BabenkoGKS14,
  author    = {Maxim A. Babenko and
               Pawel Gawrychowski and
               Tomasz Kociumaka and
               Tatiana A. Starikovskaya},
  title     = {Wavelet Trees Meet Suffix Trees},
  journal   = {CoRR},
  volume    = {abs/1408.6182},
  year      = {2014},
  url       = {http://arxiv.org/abs/1408.6182},
  timestamp = {Fri, 12 Sep 2014 12:44:21 +0200},
  biburl    = {http://dblp.uni-trier.de/rec/bib/journals/corr/BabenkoGKS14},
  bibsource = {dblp computer science bibliography, http://dblp.org}
}

@article{DBLP:journals/corr/Shun14,
  author    = {Julian Shun},
  title     = {Parallel Wavelet Tree Construction},
  journal   = {CoRR},
  volume    = {abs/1407.8142},
  year      = {2014},
  url       = {http://arxiv.org/abs/1407.8142},
  timestamp = {Fri, 01 Aug 2014 13:50:01 +0200},
  biburl    = {http://dblp.uni-trier.de/rec/bib/journals/corr/Shun14},
  bibsource = {dblp computer science bibliography, http://dblp.org}
}


@article {Navjda13,
	TITLE = "Wavelet Trees for All",
	AUTHOR = "G. Navarro", 
	JOURNAL = "Journal of Discrete Algorithms",
	YEAR = 2014,
	PUBLISHER = "Elsevier Science",
	VOLUME = 25,
	PAGES = "2--20"
}

@inproceedings{Grossi:2003:HET:644108.644250,
 author = {Grossi, Roberto and Gupta, Ankur and Vitter, Jeffrey Scott},
 title = {High-order Entropy-compressed Text Indexes},
 booktitle = {Proceedings of the Fourteenth Annual ACM-SIAM Symposium on Discrete Algorithms},
 series = {SODA '03},
 year = {2003},
 isbn = {0-89871-538-5},
 location = {Baltimore, Maryland},
 pages = {841--850},
 numpages = {10},
 url = {http://dl.acm.org/citation.cfm?id=644108.644250},
 acmid = {644250},
 publisher = {Society for Industrial and Applied Mathematics},
 address = {Philadelphia, PA, USA},
}

@inproceedings{Tischler:2011:WTC:2018243.2018264,
 author = {Tischler, German},
 title = {On Wavelet Tree Construction},
 booktitle = {Proceedings of the 22Nd Annual Conference on Combinatorial Pattern Matching},
 series = {CPM'11},
 year = {2011},
 isbn = {978-3-642-21457-8},
 location = {Palermo, Italy},
 pages = {208--218},
 numpages = {11},
 url = {http://dl.acm.org/citation.cfm?id=2018243.2018264},
 acmid = {2018264},
 publisher = {Springer-Verlag},
 address = {Berlin, Heidelberg},
} 


@misc{zoomprofiler,
 author = {RotateRight},
 title = {Zoom Profiler},
 year = {2015},
 url = {http://www.rotateright.com/zoom/},
}

@misc{callgrind,
 author = {Josef Weidendorfer},
 title = {Callgrind},
 year = {2015},
 url = {http://valgrind.org/docs/manual/cl-manual.html}
}

@misc{perftool,
 author = {Unknown},
 title = {Perf Tools},
 year = {2015},
 url = {https://perf.wiki.kernel.org/index.php/Main_Page},
}

@misc{PAPI,
 author = {Phil Mucci and others},
 title = {PAPI},
 year = {2015},
 url = {http://icl.cs.utk.edu/papi/software/},
}